<record xmlns="http://www.loc.gov/MARC21/slim" xmlns:xsi="http://www.w3.org/2001/XMLSchema-instance" xsi:schemaLocation="http://www.loc.gov/MARC21/slim http://www.loc.gov/standards/marcxml/schema/MARC21slim.xsd"><leader>01470cz   2200229n  4500</leader><controlfield tag="001">oca03889760 </controlfield><controlfield tag="005">20001104070339.0</controlfield><controlfield tag="008">950731n| acannaabn          |a aaa     c</controlfield><datafield ind1=" " ind2=" " tag="010"><subfield code="a">nr 95027995 </subfield></datafield><datafield ind1=" " ind2=" " tag="040"><subfield code="a">NNC</subfield><subfield code="b">eng</subfield><subfield code="c">NNC</subfield><subfield code="d">OCoLC</subfield></datafield><datafield ind1="1" ind2=" " tag="100"><subfield code="a">Tiro, M. Tullius</subfield><subfield code="q">(Marcus Tullius),</subfield><subfield code="d">ca. 104-4 B.C.</subfield></datafield><datafield ind1="1" ind2=" " tag="400"><subfield code="a">Tiro, Marcus Tullius,</subfield><subfield code="d">ca. 104-4 B.C.</subfield></datafield><datafield ind1="1" ind2=" " tag="400"><subfield code="a">Tullius Tiro, M.</subfield><subfield code="q">(Marcus),</subfield><subfield code="d">ca. 104-4 B.C.</subfield></datafield><datafield ind1="1" ind2=" " tag="400"><subfield code="a">Tullius Tiro, Marcus,</subfield><subfield code="d">ca. 104-4 B.C.</subfield></datafield><datafield ind1="0" ind2=" " tag="400"><subfield code="a">Tiro Tullius,</subfield><subfield code="d">ca. 104-4 B.C,</subfield></datafield><datafield ind1="0" ind2=" " tag="400"><subfield code="a">M. Tullius Tiro</subfield><subfield code="q">(Marcus Tullius Tiro),</subfield><subfield code="d">ca. 104-4 B.C.</subfield></datafield><datafield ind1="0" ind2=" " tag="400"><subfield code="a">Tiro,</subfield><subfield code="d">ca. 104-4 B.C.</subfield></datafield><datafield ind1=" " ind2=" " tag="670"><subfield code="a">His Grammatica [CF] 1991:</subfield><subfield code="b">PHI CD ROM #5.3, Latin Canon, bibliographic screen (M. Tullius Tiro)</subfield></datafield><datafield ind1=" " ind2=" " tag="670"><subfield code="a">Pauly-Wissowa:</subfield><subfield code="b">2. Reihe, 14. Halbbd., col. 1319-1325; "Tullius", #52 M. Tullius Tiro; lived to be 100 years old and died 4 B.C., but whether born in 104 or 103 B.C. is not clear, as Cicero freed him in his fiftieth year on his birthday (April 28th); freedman; author, and editor of Cicero's works; inventor of a system of shorthand)</subfield></datafield><datafield ind1=" " ind2=" " tag="670"><subfield code="a">Oxford class. dict., 1st ed.:</subfield><subfield code="b">p. 912 (Tiro, Marcus Tullius; freedman,secretary, and friend of Cicero; published original works, edited parts of Cicero's works and developed a system of shorthand)</subfield></datafield><datafield ind1=" " ind2=" " tag="670"><subfield code="a">Funaioli, G. Grammaticae romanae fragmenta, 1964:</subfield><subfield code="b">p. 390 (M. Tullius Tiro; also Tullius Tiro, Tiro Tullius, and Tiro)</subfield></datafield><datafield ind1=" " ind2=" " tag="670"><subfield code="a">NUC-pre 56:</subfield><subfield code="b">v. 595, p. 75-76 (Tiro, Marcus Tullius)</subfield></datafield></record>